@misc{dataset,
	title = {{The reddit self-post classification task}},
	url = {https://www.kaggle.com/datasets/mswarbrickjones/reddit-selfposts},
}

@misc{tfidf,
	title = {{TF-IDF — Term Frequency-Inverse Document Frequency}},
	url = {https://www.learndatasci.com/glossary/tf-idf-term-frequency-inverse-document-frequency},
}

@misc{devlin2019bert,
      title={{BERT}: Pre-training of Deep Bidirectional Transformers for Language Understanding}, 
      author={Jacob Devlin and Ming-Wei Chang and Kenton Lee and Kristina Toutanova},
      year={2019},
      eprint={\url{https://arxiv.org/abs/1810.04805}},
}

@misc{word2vec,
      title={Efficient Estimation of Word Representations in Vector Space}, 
      author={Tomas Mikolov and Kai Chen and Greg Corrado and Jeffrey Dean},
      year={2013},
      eprint={1301.3781},
      archivePrefix={arXiv},
      primaryClass={cs.CL}
}

@misc{Komarek-2004-8925,
    author = {Paul Komarek},
    title = {Logistic Regression for Data Mining and High-Dimensional Classification},
    year = {2004},
    month = {May},
    institute = {Carnegie Mellon University},
    address = {Pittsburgh, PA},
    number = {CMU-RI-TR-04-34},
    keywords = {logistic regression, data mining, classification, artificial intelligence, machine learning, statistical learning, irls, iteratively re-weighted least squares},
}

@article{randomforestorig,
    author = {Breiman, Leo},
    title = {Random Forests},
    year = {2001},
    volume = {45},
    number = {1},
    journal = {Machine Learning},
    pages = {5--32},
}

@article{lstm,
    author = {Hochreiter, Sepp and Schmidhuber, Jürgen},
    year = {1997},
    pages = {1735--1780},
    title = {{Long Short-Term Memory}},
    volume = {9},
    number={8},
    journal = {Neural Computation},
}

@misc{cnn,
    author = {O'Shea, Keiron and Nash, Ryan},
    year = {2015},
    title = {An Introduction to Convolutional Neural Networks},
    howpublished = {\url{https://arxiv.org/abs/1511.08458}}
}